@misc{who2023preterm,
  author       = {{Organización Mundial de la Salud}},
  title        = {Nacimientos prematuros},
  year         = {2023},
  month        = {mayo},
  url          = {https://www.who.int/es/news-room/fact-sheets/detail/preterm-birth},
  note         = {Consultado el 28 de mayo de 2025}
}

@incollection{rellan2008prematuro,
  author    = {Rellán Rodríguez, S. and García de Ribera, C. and Paz Aragón García, M.},
  title     = {El recién nacido prematuro},
  booktitle = {Protocolos Diagnóstico-Terapéuticos de la AEP: Neonatología},
  year      = {2008},
  publisher = {Asociación Española de Pediatría},
  url       = {https://www.aeped.es/sites/default/files/documentos/8_1.pdf},
}

@book{seneo2023protocolos,
  title        = {Protocolos de la Sociedad Española de Neonatología 2023},
  author       = {{Sociedad Española de Neonatología}},
  year         = {2023},
  publisher    = {Sociedad Española de Neonatología},
  url          = {https://www.seneo.es/index.php/publicaciones/protocolos-de-la-seneo-2023},
}

@article{rios2017influencia,
  author    = {Ríos-Flórez, Jorge Alexander and Novoa-Suaza, Anny and Hernández-Henao, Verónica Isabel},
  title     = {Influencia del nacimiento prematuro en el desarrollo de funciones ejecutivas de niños en edad escolar},
  journal   = {Revista Chilena de Neuropsicología},
  volume    = {12},
  number    = {1},
  pages     = {1--11},
  year      = {2017},
  publisher = {Universidad del Desarrollo},
  url       = {https://www.redalyc.org/pdf/1793/179353616002.pdf},
}

@article{COSTAS2005,
   title = {{Morbimortalidad y crecimiento de los ni\~A\pmos con muy bajo peso al nacer hospitalizados}},
   journal = {{Archivos de Pediatr\~A\-a del Uruguay}},
   author={COSTAS, MARIELA AND DOM\~A\-NGUEZ, SUSANA AND GIAMBRUNO, GONZALO AND MARTELL, MIGUEL},
   ISSN = {1688-1249},
   language = {es},
   URL = {http://www.scielo.edu.uy/scielo.php?script=sci_arttext&pid=S1688-12492005000400003&nrm=iso},
   volume = {76},
   year = {2005},
   month = {12},
   pages = {289 - 304},
   publisher = {scielouy},
   }

@article{santesteban2012mortalidad,
  author    = {Santesteban Otazu, E. and Rodríguez Serna, A. and Goñi Orayen, C. and Pérez Legorburu, A. and Echeverría Lecuona, M.J. and Martínez Ayucar, M.M. and Valls i Soler, A.},
  title     = {Mortalidad y morbilidad de neonatos de muy bajo peso asistidos en el País Vasco y Navarra (2001-2006): estudio de base poblacional},
  journal   = {Anales de Pediatría},
  volume    = {77},
  number    = {5},
  pages     = {317--322},
  year      = {2012},
  doi       = {10.1016/j.anpedi.2011.11.008},
  url       = {https://www.analesdepediatria.org/es-mortalidad-morbilidad-neonatos-muy-bajo-articulo-S1695403311005558},
}

@article{villanueva2008perfil,
  author    = {Villanueva Egan, Luis Alberto and Contreras Gutiérrez, Ada Karina and Pichardo Cuevas, Mauricio and Rosales Lucio, Jaqueline},
  title     = {Perfil epidemiológico del parto prematuro},
  journal   = {Ginecología y Obstetricia de México},
  volume    = {76},
  number    = {9},
  pages     = {542--548},
  year      = {2008},
  url       = {https://www.medigraphic.com/pdfs/ginobsmex/gom-2008/gom089h.pdf},
}

@misc{unigme2024,
  author       = {{UN IGME}},
  title        = {Estimaciones de Mortalidad Infantil: CME Info},
  year         = {2024},
  howpublished = {\url{https://childmortality.org}},
}

@misc{hnn2024comprender,
  author       = {{Red de Recién Nacidos Saludables}},
  title        = {Comprender la enfermedad y la muerte en recién nacidos y madres},
  year         = {2024},
  howpublished = {\url{https://healthynewbornnetwork.org/es/issue/newborn-mother-understanding/}},
  note         = {Consultado el 20 de mayo de 2025}
}

@article{restrepo2007incubadora,
  author  = {Restrepo, P.},
  title   = {Prototipo de incubadora neonatal},
  journal = {Revista de Ingeniería Biomédica},
  year    = {2007},
  pages   = {55--59},
  url     = {https://dialnet.unirioja.es/servlet/articulo?codigo=5785437},
}


@techreport{minsa2008prevencion,
  author      = {{Ministerio de Salud del Perú}},
  title       = {¿Cómo prevenir la muerte neonatal?},
  institution = {Ministerio de Salud del Perú},
  year        = {2008},
  url         = {https://bvs.minsa.gob.pe/local/MINSA/1236_MINSA1504-2.pdf},
  note        = {Consultado el 20 de mayo de 2025}
}

@misc{genomasur_cap13,
  author       = {Guillermo Bugedo y Ximena Palma},
  title        = {Capítulo 13: Control ambiental y monitorización en neonatología},
  howpublished = {\url{http://www.genomasur.com/BCH/BCH_libro/capitulo_13.htm}},
  year         = {2011}
}



@article{bortolot2005,
  title={Estimating forest biomass using small footprint LiDAR data: An individual tree-based approach that incorporates training data},
  author={Bortolot, Zachary J and Wynne, Randolph H},
  journal={ISPRS Journal of Photogrammetry and Remote Sensing},
  volume={59},
  number={6},
  pages={342--360},
  year={2005},
  publisher={Elsevier}
}

@misc{kenhub2025,
  author    = {Kenhub},
  title     = {Sistema circulatorio cardiovascular},
  year      = {2025},
  url       = {https://www.kenhub.com/es/library/anatomia-es/sistema-circulatorio-cardiovascular},
}


@misc{kenhubSistemasCuerpo2025,
  author    = {Kenhub},
  title     = {Sistemas del cuerpo humano},
  year      = {2025},
  url       = {https://www.kenhub.com/es/library/anatomia-es/sistemas-del-cuerpo-humano#section4},
}

@misc{cunTransporteOxigeno2025,
  author    = {Clínica Universidad de Navarra},
  title     = {Transporte de oxígeno},
  year      = {2025},
  url       = {https://www.cun.es/diccionario-medico/terminos/transporte-oxigeno},
}

@misc{enfermeriaCardiologia2025,
  author    = {Enfermería en Cardiología},
  title     = {Frecuencia cardíaca},
  year      = {2025},
  url       = {https://enfermeriaencardiologia.com/salud-cardiovascular/prevencion/factores-de-riesgo/frecuencia-cardiaca},
}

@misc{fundacionCorazon2025,
  author    = {Fundación del Corazón},
  title     = {Frecuencia cardíaca},
  year      = {2025},
  url       = {https://fundaciondelcorazon.com/prevencion/marcadores-de-riesgo/frecuencia-cardiaca.html},
}

@misc{weinmannEmergency2025,
  author    = {Weinmann Emergency},
  title     = {Saturación de oxígeno en la sangre},
  year      = {2025},
  url       = {https://www.weinmann-emergency.com/es/temas/monitorizacion-desfibrilacion/saturacion-de-oxigeno-en-la-sangre},
}

@article{vento2014oxigenoterapia,
  author    = {Máximo Vento Torres},
  title     = {Oxigenoterapia en el recién nacido},
  journal   = {Anales de Pediatría Continuada},
  volume    = {12},
  number    = {2},
  pages     = {68--73},
  year      = {2014},
  month     = {marzo-abril},
  doi       = {10.1016/S1696-2818(14)70171-4},
  url       = {https://www.elsevier.es/es-revista-anales-pediatria-continuada-51-articulo-oxigenoterapia-el-recien-nacido-S1696281814701714},
  issn      = {1696-2818},
  language  = {es}
}


@article{researchgatePerfusionIndice2017,
  author    = {ResearchGate},
  title     = {Índice de perfusión periférica en la UCI neonatal: una respuesta a la monitorización no invasiva del recién nacido crítico},
  year      = {2017},
  url       = {https://www.researchgate.net/publication/321219512_Indice_de_perfusion_periferica_en_la_UCI_neonatal_una_respuesta_a_la_monitorizacion_no_invasiva_del_recien_nacido_critico},
}

@article{scieloHbO22012,
  author    = {Autor(es) del artículo},  % Debes agregar los autores reales
  title     = {Oximetría de pulso},
  journal   = {Revista de Ciencias Biomédicas},
  year      = {2012},
  volume    = {10},
  number    = {2},
  pages     = {111-118}, % Asegúrate de agregar las páginas correctas
  url       = {http://www.scielo.org.bo/scielo.php?script=sci_arttext&pid=S1024-06752012000200011#:~:text=La%20HbO2%20absorbe%20m%C3%A1s%20la,de%20oxigenaci%C3%B3n%20de%20la%20hemoglobina}
}

@misc{imfesPulsioximetro2025,
  author    = {IMFES},
  title     = {¿Cómo funciona un pulsioxímetro?},
  year      = {2025},
  url       = {https://imfes.es/como-funciona-un-pulsioximetro#:~:text=El%20pulsioximetro%20env%C3%ADa%20luz%20roja,no)%20y%20retendr%C3%A1%20la%20otra}
}

@misc{fapapPulsioximetria2025,
  author    = {FAPAP},
  title     = {Pulsioximetría},
  year      = {2025},
  url       = {https://fapap.es/files/639-1373-RUTA/07_Pulsioximetria.pdf}
}

@thesis{Alarco2015,
  author = {Alarcó Pérez, Jorge},
  year = {2015},
  title = {Desarrollo de un pulsioxímetro basado en técnicas de espectrofotometría},
  school = {Universidad Politécnica de Madrid},
  type = {Proyecto Fin de Carrera},
  url = {https://oa.upm.es/37288/7/PFC_JORGE_ALARCO_PEREZ_2015.pdf}
}

@misc{cigna_hemoglobina,
  author       = {{Ignite Healthwise, LLC}},
  title        = {Hemoglobina},
  year         = {2024},
  howpublished = {\url{https://www.cigna.com/es-us/knowledge-center/hw/hemoglobina-tp10337}},
}

@article{Tapia2019,
  author    = {Tapia, Jorge L. and Urzúa, Sergio and Sanhueza, Pamela and Mardones, Fernando and Farías, Andrea},
  title     = {Cambios en la frecuencia cardíaca y saturación de oxígeno durante la reanimación neonatal con CPAP y oxígeno suplementario},
  journal   = {Revista Chilena de Pediatría},
  year      = {2019},
  volume    = {90},
  number    = {4},
  pages     = {384--390},
  doi       = {10.32641/rchped.v90i4.990},
  url       = {https://www.scielo.cl/scielo.php?script=sci_arttext&pid=S0370-41062019000400384},
  language  = {Spanish}
}

@article{Gilsanz2023,
  author    = {Fernando Gilsanz Rodríguez and Emilia Guasch Arévalo and Ricardo Navarro Suay},
  title     = {La oximetría de pulso, del quirófano al domicilio},
  journal   = {Anales de la Real Academia de Doctores de España},
  year      = {2023},
  volume    = {8},
  number    = {3},
  pages     = {513--553},
  url       = {https://www.rade.es/imageslib/PUBLICACIONES/ARTICULOS/V8N3%20-%2004%20-%20AO%20-%20GILSANZ_oximetr%C3%ADa.pdf},
  language  = {Spanish}
}

@article{DeLaPena2017,
  author    = {De La Peña Sanabria, I. and Ochoa Martelo, M. and Baquero Latorre, H. and Acosta-Reyes, J.},
  title     = {Índice de perfusión periférica en la UCI neonatal: una respuesta a la monitorización no invasiva del recién nacido crítico},
  journal   = {Perinatología y Reproducción Humana},
  year      = {2017},
  volume    = {31},
  number    = {2},
  pages     = {85--90},
  doi       = {10.1016/j.rprh.2017.10.015},
  url       = {https://www.elsevier.es/es-revista-perinatologia-reproduccion-humana-144-articulo-indice-perfusion-periferica-uci-neonatal-S0187533717300584},
  language  = {Spanish},
  note      = {Open Access bajo la licencia CC BY-NC-ND}
}

@article{Cordido2023,
  author    = {Flaminio Antonio Cordido S{\'a}nchez},
  title     = {Propuesta de ensayo sobre los principios físicos y químicos concernientes al uso del espectrofotómetro y su aplicabilidad en ciencias},
  journal   = {Revista In Situ},
  year      = {2023},
  volume    = {6},
  number    = {6},
  pages     = {319--327},
  url       = {https://www.researchgate.net/publication/373160569},
  note      = {Figura 4: La Ley de Lambert-Beer},
  language  = {Spanish}
}

@article{Dzedzickis2020,
  author    = {Andrius Dzedzickis and Artūras Kaklauskas and Vytautas Bučinskas},
  title     = {Human Emotion Recognition: Review of Sensors and Methods},
  journal   = {Sensors},
  year      = {2020},
  volume    = {20},
  number    = {3},
  pages     = {592},
  doi       = {10.3390/s20030592},
  url       = {https://www.mdpi.com/1424-8220/20/3/592},
  language  = {English}
}

@article{gonzalez2016analisis,
  author  = {González-Barajas, Javier and Velandia Cárdenas, Cristian Camilo and Lyma-Guaqueta, Jeysson and Ospina, Pedro},
  title   = {Análisis espectral a través de bancos de filtros aplicado al pre-procesamiento para la umbralización de señales de pulso oximetría},
  journal = {TecnoLógica},
  volume  = {19},
  number  = {1},
  pages   = {43--50},
  year    = {2016},
  url     = {https://www.researchgate.net/publication/319146237_Analisis_espectral_a_traves_de_bancos_de_filtros_aplicado_al_pre-procesamiento_para_la_umbralizacion_de_senales_de_pulso_oximetria},
}

@misc{in3es2025,
  title        = {IN3ES Technical Report},
  author       = {{Medical Open World}},
  year         = {2025},
  howpublished = {\url{https://medicalopenworld.org/wp-content/uploads/2025/02/IN3ESTechnical.pdf}},
}

@article{oximetria_pulso2012,
  title   = {Oximetría de pulso},
  author  = {Sánchez, M. and Pérez, L. and Rodríguez, J.},
  journal = {Revista Boliviana de Medicina},
  volume  = {21},
  number  = {2},
  pages   = {112--118},
  year    = {2012},
  url     = {https://www.scielo.org.bo/scielo.php?script=sci_arttext&pid=S1024-06752012000200011},
}

@book{carrion2011procesado,
  title     = {Procesado de señales biomédicas},
  author    = {Carrión Pérez, Pedro A. and Ródenas García, Juan and Rieta Ibáñez, José Joaquín},
  year      = {2011},
  publisher = {Universidad de Castilla-La Mancha},
  address   = {España},
  url       = {https://books.google.es/books?id=zywY6Oy_mccC},
}

@phdthesis{dePedroCarracedo2020,
  author       = {de Pedro Carracedo, Javier},
  title        = {Análisis dimensional conforme a la dinámica y complejidad de las señales biomédicas},
  school       = {Universidad Politécnica de Madrid},
  year         = {2020},
  type         = {Tesis doctoral},
  url          = {https://oa.upm.es/65021/1/JAVIER_DE_PEDRO_CARRACEDO.pdf},
}

@misc{studysmarter_filtro_biosenales,
  title        = {Filtro de Bioseñales: Definición \& Técnicas},
  author       = {{Equipo editorial de StudySmarter}},
  year         = {2024},
  url          = {https://www.studysmarter.es/resumenes/ingenieria/ingenieria-biomedica/filtro-de-biosenales/},
}


@misc{mathworks_highpass_filter,
  author       = {{MathWorks}},
  title        = {High-Pass Filter},
  howpublished = {\url{https://es.mathworks.com/discovery/high-pass-filter.html}},
  year         = {2025}
}

@misc{mathworks_lowpass_filter,
  author       = {{MathWorks}},
  title        = {Low-Pass Filter},
  howpublished = {\url{https://es.mathworks.com/discovery/low-pass-filter.html}},
  year         = {2025}
}

@mastersthesis{rubia2021diseno,
  author       = {Alfredo de la Rubia Lázaro},
  title        = {Diseño y simulación de filtros paso bajo y paso banda en tecnología microstrip para bandas de microondas},
  school       = {Universidad Autónoma de Madrid},
  year         = {2021},
  month        = jul,
  address      = {Madrid, España},
  type         = {Trabajo Fin de Grado},
  url          = {https://repositorio.uam.es/bitstream/handle/10486/700214/rubia_lazaro_alfredo_de_la_tfg.pdf},
  advisor      = {Juan Córcoles Ortega},
  abstract     = {El objetivo de este Trabajo de Fin de Grado es el diseño de filtros paso bajo y paso banda en microondas mediante el uso de tecnología Microstrip. A lo largo del trabajo se propondrán diferentes modelos de filtros que estarán diseñados en base a unas especificaciones, analizando en todos los casos la respuesta obtenida. Los filtros paso bajo se realizarán a la frecuencia de corte de 1 GHz, sobre un sustrato de constante dieléctrica de 10.8 y un espesor de 1.27 mm. Los filtros paso banda se diseñarán con frecuencias centrales de 2 GHz y 6 GHz, sobre un sustrato de constante dieléctrica de 10.2 y un espesor de 0.635 mm. El diseño se llevará a cabo en tres fases: primero con elementos concentrados, luego con líneas de transmisión ideales y finalmente con líneas microstrip. Se utilizará el software ADS y, en algunos casos, el simulador electromagnético Momentum para una mejor aproximación a la realidad.}
}

@misc{gonzalez2014filtrado,
  author       = {John Jaiber González Murillo},
  title        = {Filtrado Básico de Señales Biomédicas},
  year         = {2014},
  month        = may,
  url          = {https://www.researchgate.net/publication/271273652_Filtrado_Basico_de_Senales_Biomedicas},
  publisher    = {Muysca Research},
  doi          = {10.13140/2.1.1757.2168},
  abstract     = {Este trabajo presenta un análisis y procesado de señales biomédicas utilizando diversas técnicas de filtrado y cancelación de ruido. Se emplean algoritmos en MATLAB para el tratamiento de señales de bases de datos como PhysioNet, abordando filtros clásicos, óptimos y adaptativos.},
  keywords     = {señales biomédicas, filtrado, MATLAB, PhysioNet, filtros clásicos, filtros óptimos, filtros adaptativos}
}

@article{liu2021wearable,
  author    = {Liu, Y. and Chen, Y. and Wang, Y. and Zhang, Y. and Wang, Z. and Wang, Y. and Zhang, Y. and Wang, Z.},
  title     = {A Wearable Electrocardiogram Acquisition System With Compact Planar-Fashionable Circuit Board for Long-Term Monitoring},
  journal   = {IEEE Transactions on Biomedical Circuits and Systems},
  volume    = {15},
  number    = {5},
  pages     = {1010--1021},
  year      = {2021},
  doi       = {10.1109/TBCAS.2021.3098602},
  url       = {https://ieeexplore.ieee.org/document/9493400}
}

@article{vandenberk2017fibricheck,
  author    = {Vandenberk, T. and Stans, J. and Mortelmans, C. and Van Haelst, R. and Van Schelvergem, G. and Pelckmans, C. and Smeets, C. J. P.},
  title     = {FibriCheck Beat-to-Beat Accuracy Compared With Wearable ECG in Broad Dynamic Range},
  journal   = {JMIR mHealth and uHealth},
  volume    = {5},
  number    = {8},
  pages     = {e129},
  year      = {2017},
  doi       = {10.2196/mhealth.8309},
  url       = {https://mhealth.jmir.org/2017/8/e129/}
}

@online{medicinajoven_pulsioximetro,
  author       = {{Medicina Joven}},
  title        = {¿Qué es y cómo funciona un pulsioxímetro?},
  year         = {2021},
  month        = oct,
  url          = {http://www.medicinajoven.com/2021/10/que-es-y-como-funciona-un-pulsioximetro.html},
}

@mastersthesis{jimenez2019pulsioximetro,
  author       = {Jiménez Ramal, Olga},
  title        = {Diseño de un pulsioxímetro de bajo coste y salida bluetooth},
  school       = {Universidad de Málaga},
  type         = {Trabajo Fin de Grado},
  year         = {2019},
  month        = {nov},
  address      = {Málaga, España},
  url          = {https://riuma.uma.es/xmlui/handle/10630/18864},
  advisor      = {Antonio Jesús Bandera Rubio and Camilo Andrés Ruiz Beltrán},
  keywords     = {pulsioxímetro, bluetooth, monitorización, saturación de oxígeno, ritmo cardíaco, ingeniería biomédica}
}
@mastersthesis{deshmane2009false,
  author       = {Anagha Vishwas Deshmane},
  title        = {False Arrhythmia Alarm Suppression Using ECG, ABP, and Photoplethysmogram},
  school       = {Massachusetts Institute of Technology},
  year         = {2009},
  month        = aug,
  address      = {Cambridge, MA, USA},
  type         = {Master of Engineering in Electrical Engineering and Computer Science},
  url          = {https://dspace.mit.edu/handle/1721.1/54209},
  advisor      = {Dr. Roger G. Mark},
  keywords     = {ECG, ABP, PPG, alarm suppression, signal quality, ICU, biomedical signal processing}
}

@online{llamas_pulsimetro_max30102,
  author       = {Luis Llamas},
  title        = {Pulsímetro y oxímetro con Arduino y MAX30102},
  year         = {2019},
  month        = {jun},
  url          = {https://www.luisllamas.es/pulsimetro-y-oximetro-con-arduino-y-max30102/},
}

@misc{openoximetry2025,
  author       = {{Open Oximetry Project}},
  title        = {Open Oximetry},
  year         = {2025},
  url          = {https://openoximetry.org/},
  howpublished = {\url{https://openoximetry.org/}},
  organization = {University of California, San Francisco (UCSF)},
  abstract     = {El proyecto Open Oximetry, fundado en el Centro para la Equidad en Salud en Cirugía y Anestesia (CHESA) y el Laboratorio de Hipoxia de la UCSF, busca mejorar la seguridad y precisión de los pulsioxímetros en todas las poblaciones, especialmente en personas con tonos de piel más oscuros. El proyecto reúne a expertos en oximetría, ingenieros, investigadores académicos, clínicos, miembros de la comunidad, fabricantes y organismos reguladores de diversas geografías y orígenes para abordar estos problemas de manera colaborativa.}
}

@online{elmankabadi2023openoximetry,
  author       = {Seif Elmankabadi and Kelvin Moore and Odi Ehie and Philip Bickler and Isabella Auchus and Michael Lipnick},
  title        = {The Open Oximetry Project},
  year         = {2023},
  month        = {feb},
  url          = {https://csahq.org/2023/02/21/the-open-oximetry-project/},
  organization = {California Society of Anesthesiologists},
  abstract     = {Este artículo presenta el Open Oximetry Project, una iniciativa colaborativa liderada por el UCSF Hypoxia Lab y el Center for Health Equity in Surgery and Anesthesia. El proyecto busca mejorar la precisión y equidad en la medición de la saturación de oxígeno mediante pulsioxímetros, especialmente en poblaciones con piel más oscura. Se destacan estudios de laboratorio y clínicos, el desarrollo de nuevas técnicas in vitro, la mejora de estándares regulatorios, la promoción de datos abiertos y la colaboración multinacional para abordar las disparidades en la atención médica.}
}

@article{thoms2007global,
  author    = {G. M. M. Thoms and G. A. McHugh and E. O'Sullivan},
  title     = {The Global Oximetry Initiative},
  journal   = {Anaesthesia},
  volume    = {62},
  number    = {Suppl 1},
  pages     = {75--77},
  year      = {2007},
  month     = {dec},
  doi       = {10.1111/j.1365-2044.2007.05305.x},
  url       = {https://pubmed.ncbi.nlm.nih.gov/17937720/},
}

@mastersthesis{chacon2021pulsioximetro,
  author       = {Ricardo Antonio Chacón Banegas},
  title        = {Diseño y Simulación de un Pulsioxímetro a Bajo Costo},
  school       = {Centro Universitario Tecnológico (CEUTEC)},
  year         = {2021},
  month        = {oct},
  address      = {Tegucigalpa, Honduras},
  url          = {https://repositorio.unitec.edu/server/api/core/bitstreams/333a6761-a6ec-4709-a80d-ff223852b80d/content},
}

@bachelorsthesis{gonzalez2019pulsioximetro,
  author       = {Francisco González Romero},
  title        = {Diseño e Implementación de un Pulsioxímetro Reflexivo y estudio de su funcionamiento en
diferentes zonas del cuerpo},
  school       = {Universidad de Sevilla},
  year         = {2019},
  month        = {jun},
  address      = {Sevilla, España},
  url          = {https://biblus.us.es/bibing/proyectos/abreproy/92554/descargar_fichero/TFG-2554%2BGONZ%C3%81LEZ%2BROMERO%2B.pdf},
}

@article{zhang2013wearable,
  author       = {Yongjin Zhang and Zhiqiang Zhang and Xuefeng Chen and Yuanting Zhang},
  title        = {A Wearable Reflective Pulse Oximeter for Continuous Monitoring of Arterial Oxygen Saturation},
  journal      = {IEEE Transactions on Biomedical Circuits and Systems},
  volume       = {7},
  number       = {6},
  pages        = {743--752},
  year         = {2013},
  doi          = {10.1109/TBCAS.2013.2277918},
  url          = {https://ieeexplore.ieee.org/document/6580241},
  note         = {Accedido: 22 de mayo de 2025}
}

@article{kallepalli2022finger,
  author       = {Akhil Kallepalli and David B. James and Mark A. Richardson},
  title        = {Rapid, Remote and Low-Cost Finger Vasculature Mapping for Heart Rate Monitoring},
  journal      = {arXiv preprint arXiv:2208.12043},
  year         = {2022},
  month        = {aug},
  url          = {https://arxiv.org/abs/2208.12043},
}


@bachelorsthesis{jimenez2019pulsioximetro,
  author       = {Olga Jiménez Ramal},
  title        = {Diseño de un pulsioxímetro de bajo coste y salida bluetooth},
  school       = {Universidad de Málaga},
  year         = {2019},
  month        = {nov},
  address      = {Málaga, España},
  url          = {https://riuma.uma.es/xmlui/handle/10630/18864},
}

@article{elgendi2012analysis,
  title={On the analysis of fingertip photoplethysmogram signals},
  author={Elgendi, Mohamed},
  journal={Current cardiology reviews},
  volume={8},
  number={1},
  pages={14--25},
  year={2012},
  publisher={Bentham science publishers}
}

@INPROCEEDINGS{9493400,
  author={Vourvoulakis, John and Bilalis, Leonardos},
  booktitle={2021 10th International Conference on Modern Circuits and Systems Technologies (MOCAST)}, 
  title={Real-time pulse oximetry extraction using a lightweight algorithm and a task pipeline scheme}, 
  year={2021},
  volume={},
  number={},
  pages={1-5},
  keywords={Heart rate;Pulse oximeter;Systems operation;System performance;Pipelines;Real-time systems;Pulse oximetry;real-time;pulse oximetry;photoplethysmogram (PPG);SpO2;heart rate (HR);task pipeline},
  doi={10.1109/MOCAST52088.2021.9493400}}

@techreport{renesas2022ob1203,
  author       = {{Renesas Electronics Corporation}},
  title        = {OB1203: Pulse Oximeter Algorithm for SpO₂, Heart Rate, and Respiration Rate – Application Note},
  institution  = {Renesas Electronics Corporation},
  number       = {R36AN0001EU0301},
  type         = {Application Note},
  year         = {2022},
  month        = {apr},
  address      = {Tokyo, Japan},
  url          = {https://www.renesas.com/us/en/products/sensor-products/biosensors/ob1203sd-rl-evk-hea}


@Article{electronics3020282,
AUTHOR = {Tamura, Toshiyo and Maeda, Yuka and Sekine, Masaki and Yoshida, Masaki},
TITLE = {Wearable Photoplethysmographic Sensors—Past and Present},
JOURNAL = {Electronics},
VOLUME = {3},
YEAR = {2014},
NUMBER = {2},
PAGES = {282--302},
URL = {https://www.mdpi.com/2079-9292/3/2/282},
ISSN = {2079-9292},
ABSTRACT = {Photoplethysmography (PPG) technology has been used to develop small, wearable, pulse rate sensors. These devices, consisting of infrared light-emitting diodes (LEDs) and photodetectors, offer a simple, reliable, low-cost means of monitoring the pulse rate noninvasively. Recent advances in optical technology have facilitated the use of high-intensity green LEDs for PPG, increasing the adoption of this measurement technique. In this review, we briefly present the history of PPG and recent developments in wearable pulse rate sensors with green LEDs. The application of wearable pulse rate monitors is discussed.},
DOI = {10.3390/electronics3020282}
}

@article{biswas2019cornet,
  title={CorNET: Deep learning framework for PPG-based heart rate estimation and biometric identification in ambulant environment},
  author={Biswas, Dwaipayan and Everson, Luke and Liu, Muqing and Panwar, Madhuri and Verhoef, Bram-Ernst and Patki, Shrishail and Kim, Chris H and Acharyya, Amit and Van Hoof, Chris and Konijnenburg, Mario and others},
  journal={IEEE transactions on biomedical circuits and systems},
  volume={13},
  number={2},
  pages={282--291},
  year={2019},
  publisher={IEEE}
}

@inproceedings{mohan2010blood,
  author    = {S. Mohan and A. Arora and T. D. Sauer and A. Sharma and R. K. Sharma and M. Srivastava},
  title     = {Blood Oxygen Estimation from Compressively Sensed Photoplethysmograph},
  booktitle = {Proceedings of the 8th ACM Conference on Embedded Networked Sensor Systems (SenSys '10)},
  year      = {2010},
  pages     = {183--196},
  publisher = {ACM},
  address   = {New York, NY, USA},
  doi       = {10.1145/1921081.1921084},
  url       = {https://dl.acm.org/doi/10.1145/1921081.1921084},
  abstract  = {Este artículo presenta un método para estimar la saturación de oxígeno en sangre (SpO₂) a partir de señales de fotopletismografía (PPG) adquiridas mediante muestreo compresivo. Se propone una plataforma de bajo consumo para sensores portátiles de oximetría de pulso, adecuada para aplicaciones de monitoreo remoto de signos vitales. Los autores demuestran que la precisión en la estimación de SpO₂ no se ve comprometida por la presencia de artefactos de luz ambiental, incluso cuando se utilizan tasas de muestreo reducidas.}
}

@article{shuzan2023machine,
  author    = {Md Nazmul Islam Shuzan and Moajjem Hossain Chowdhury and Muhammad E. H. Chowdhury and Murugappan Murugappan and Enamul Hoque Bhuiyan and Mohamed Arslane Ayari and Amith Khandakar},
  title     = {Machine Learning-Based Respiration Rate and Blood Oxygen Saturation Estimation Using Photoplethysmogram Signals},
  journal   = {Bioengineering},
  volume    = {10},
  number    = {2},
  pages     = {167},
  year      = {2023},
  doi       = {10.3390/bioengineering10020167},
  url       = {https://www.mdpi.com/2306-5354/10/2/167},
  abstract  = {Este estudio propone un método novedoso para estimar la frecuencia respiratoria (RR) y la saturación de oxígeno en sangre (SpO₂) utilizando modelos de aprendizaje automático que incorporan características extraídas de señales de fotopletismografía (PPG). Se emplearon técnicas de selección de características para reducir la complejidad computacional y evitar el sobreajuste. Se entrenaron 19 modelos de regresión para RR y SpO₂, seleccionando el modelo de regresión de procesos gaussianos como el más preciso. Los resultados mostraron errores absolutos medios (MAE) de 0.89 para RR y 0.57 para SpO₂, y errores cuadráticos medios (RMSE) de 1.41 para RR y 0.98 para SpO₂, indicando una estimación fiable y eficiente.}
}

@techreport{oak2015how,
  author      = {Sang-Soo Oak and Praveen Aroul},
  title       = {How to Design Peripheral Oxygen Saturation (SpO₂) and Optical Heart Rate Monitoring (OHRM) Systems Using AFE4403},
  institution = {Texas Instruments},
  number      = {SLAA655},
  year        = {2015},
  month       = {March},
  url         = {https://www.ti.com/lit/an/slaa655/slaa655.pdf},
  note        = {Application Report},
  abstract    = {Este informe técnico proporciona una guía detallada para diseñar sistemas de medición de saturación de oxígeno periférico (SpO₂) y monitoreo óptico de la frecuencia cardíaca (OHRM) utilizando el circuito integrado AFE4403. Se abordan aspectos clave como la adquisición de la señal de fotopletismografía (PPG), la configuración óptima de corriente de los LED y la ganancia del amplificador de transimpedancia (TIA), así como técnicas de calibración para adaptarse a variaciones individuales en la absorción de luz. Además, se discuten consideraciones sobre el procesamiento de señales y la mitigación de artefactos de movimiento para mejorar la precisión en aplicaciones clínicas y dispositivos portátiles.}
}

@bachelorsthesis{sein2019pulsioximetro,
  title     = {Pulsioxímetro con registro de datos en IoT y generación de alertas},
  author    = {Marcos Gabriel Sein-Echaluce García},
  school    = {Universidad de Zaragoza},
  year      = {2019},
  type      = {Trabajo Fin de Grado},
  note      = {Grado en Ingeniería Electrónica y Automática}
}

@bachelorsthesis{borbones2021pulsioximetro,
  title     = {Diseño e implementación de un pulsioxímetro},
  author    = {Carlos Borbonés Acosta},
  school    = {Escuela Técnica Superior de Ingeniería Civil e Industrial, Universidad de La Laguna},
  year      = {2021},
  type      = {Trabajo Fin de Grado},
  note      = {Grado en Ingeniería Electrónica Industrial y Automática}
}
