//ejemplos
@book{koza92,
		author    = "Koza, John R.",
		title     = "Genetic Programming: On the Programming of Computers by Means of Natural Selection",
		publisher = "MIT Press",
		year      = "1992"
}


@misc{ wiki:latex,
       author = "Wikipedia",
       title = "LaTeX --- Wikipedia{,} La enciclopedia libre",
       year = "2015",
       url = "https://es.wikipedia.org/w/index.php?title=LaTeX&oldid=84209252",
       note = "[Internet; descargado 30-septiembre-2015]"
}
//

// ANEXO A: Planificación
@misc{ufv:salario,
  author = "{Universidad Francisco de Vitoria}",
  title = "{¿Cuánto gana un ingeniero recién graduado en España?}",
  year = "2024",
  url = "https://www.ufv.es/cuanto-gana-un-ingeniero-recien-graduado-en-espana-preguntas-grados/",
}

@online{hp2024,
  author    = {{HP}},
  title     = {Portátiles HP con procesador Intel Core i5},
  year      = {2024},
  url       = {https://www.hp.com/es-es/shop/list.aspx?fc_pro_intelcorei5=1&sel=ntb},
}

@online{microsoft2024,
  author    = {Microsoft},
  title     = {Comparativa de productos Microsoft 365},
  year      = {2024},
  url       = {https://www.microsoft.com/es-es/microsoft-365/buy/compare-all-microsoft-365-products},
}

@misc{rgpd2016,
  author       = {Parlamento Europeo y Consejo de la Unión Europea},
  title        = {Reglamento (UE) 2016/679 del Parlamento Europeo y del Consejo, de 27 de abril de 2016, relativo a la protección de las personas físicas en lo que respecta al tratamiento de datos personales y a la libre circulación de estos datos (Reglamento General de Protección de Datos)},
  year         = {2016},
  url          = {https://www.boe.es/doue/2016/119/L00001-00088.pdf},
}

@misc{lopd2018,
  author       = {Gobierno de España},
  title        = {Ley Orgánica 3/2018, de 5 de diciembre, de Protección de Datos Personales y garantía de los derechos digitales},
  year         = {2018},
  url          = {https://www.boe.es/buscar/act.php?id=BOE-A-2018-16673},
}

@misc{mdr2017,
  author       = {Parlamento Europeo y Consejo de la Unión Europea},
  title        = {Reglamento (UE) 2017/745 del Parlamento Europeo y del Consejo, de 5 de abril de 2017, sobre los productos sanitarios},
  year         = {2017},
  url          = {https://eur-lex.europa.eu/legal-content/ES/TXT/?uri=CELEX:32017R0745},
}

@misc{iso13485,
  author       = {Organización Internacional de Normalización (ISO)},
  title        = {ISO 13485:2016 - Productos sanitarios -- Sistemas de gestión de la calidad -- Requisitos para fines reglamentarios},
  year         = {2016},
  note         = {Disponible previa compra en \url{https://www.iso.org/standard/59752.html}}
}

@misc{iso14971,
  author       = {Organización Internacional de Normalización (ISO)},
  title        = {ISO 14971:2019 - Aplicación de la gestión de riesgos a los productos sanitarios},
  year         = {2019},
  note         = {Disponible previa compra en \url{https://www.iso.org/standard/72704.html}}
}

@misc{iec80601,
  author       = {International Electrotechnical Commission (IEC)},
  title        = {IEC 80601-2-61:2017 - Medical electrical equipment – Part 2-61: Particular requirements for basic safety and essential performance of pulse oximeter equipment},
  year         = {2017},
  note         = {Disponible en \url{https://webstore.iec.ch/publication/26101}}
}

@misc{medicalopenworld2025,
  author       = {Medicina Abierta al Mundo},
  title        = {Medical Open World},
  year         = {2025},
  url          = {https://medicalopenworld.org/},
  note         = {Organización sin ánimo de lucro dedicada al desarrollo de soluciones médicas de acceso libre, como la incubadora neonatal In3ator.},
  howpublished = {\url{https://medicalopenworld.org/}},
  organization = {Medicina Abierta al Mundo},
  address      = {Calle Estella 4, 1º Izda, 31002 Pamplona, España}
}

@misc{semianovich2020oximetro,
  author       = {Semianovich, July},
  title        = {Enfermera está poniendo en el pie de oxímetro de pulso bebé prematuro neonatal para el control de la saturación de oxígeno},
  year         = {2020},
  url          = {https://www.istockphoto.com/es/foto/enfermera-est%C3%A1-poniendo-en-el-pie-de-ox%C3%ADmetro-de-pulso-beb%C3%A9-prematuro-neonatal-para-gm1267929940-372098845},
  note         = {Fotografía disponible en iStock bajo licencia libre de derechos},
  howpublished = {\url{https://www.istockphoto.com/es/foto/enfermera-est%C3%A1-poniendo-en-el-pie-de-ox%C3%ADmetro-de-pulso-beb%C3%A9-prematuro-neonatal-para-gm1267929940-372098845}}
}


//Anexo B: Manual de usuario


// Anexo H:Sostenibilización
@misc{onu:ods,
  author = "{Naciones Unidas}",
  title = "{Objetivos de Desarrollo Sostenible}",
  year = "2024",
  url = "https://www.un.org/sustainabledevelopment/es/objetivos-de-desarrollo-sostenible/",
}

@misc{crue:sostenibilidad,
  author = "{CRUE Universidades Españolas}",
  title = "{Directrices para la introducción de la sostenibilidad en el currículo}",
  year = "2012",
  url = "https://www.crue.org/wp-content/uploads/2020/02/Directrices_Sosteniblidad_Crue2012.pdf",
}


@misc{oximetria_medium,
  author       = {Luis de la Fuente},
  title        = {Oximetría de pulso (Parte 2)},
  year         = {2020},
  url          = {https://medium.com/ingenier%C3%ADa-salud-y-educaci%C3%B3n/oximetr%C3%ADa-de-pulso-parte-2-7844c39a5ccb},
  howpublished = {\url{https://medium.com/ingenier%C3%ADa-salud-y-educaci%C3%B3n/oximetr%C3%ADa-de-pulso-parte-2-7844c39a5ccb}}
}

@misc{in3ator2023manual,
  title        = {{in3ator User Manual v2.1 (English)}},
  author       = {{Medicina Abierta al Mundo}},
  year         = {2023},
  month        = {March},
  url          = {https://ayudacontenedores.org/storage/2023/03/in3ator_user_manual-v2.1-English.docx.pdf},
}
